@book{Jackson, edition={2}, title={Classical Electromagnetics}, publisher={Wiley}, author={Jackson, John David}} 

@book{Balanis_1997, place={New York}, edition={3rd}, title={Antenna theory: Analysis and design. Buch Constantine A. Balanis}, publisher={Wiley}, author={Balanis, Constantine A.}, year={1997}} 

@book{Griffiths_2024, place={Cambridge, United Kingdom}, title={Introduction to electrodynamics}, publisher={Cambridge University Press}, author={Griffiths, David J.}, year={2024}} 

@article{Kreindl_Bauernfeind_Weiss_Stockreitner_Kaltenbacher_2024, journal={Near Field Electromagnetic Interference Coupling- Mechanisms of Multilayer Ceramic Capacitors}, author={Kreindl, Dominik and Bauernfeind, Thomas and Weiss, Bernhard and Stockreiter, Christian and Kaltenbacher, Manfred}, year={2024}} 

@book{Lorrain_Corson_1970, place={San Francisco}, title={Electromagnetic fields and waves}, publisher={W.H. Freeman}, author={Lorrain, Paul and Corson, Dale R.}, year={1970}} 

@book{Collin_2015, place={New York}, title={Field theory of guided waves}, publisher={IEEE Press}, author={Collin, Robert E.}, year={2015}} 

@article{Sreenivasiah_Chang_Ma_1981, title={Emission characteristics of electrically small radiating sources from tests inside a tem cell}, volume={EMC-23}, DOI={10.1109/temc.1981.303930}, number={3}, journal={IEEE Transactions on Electromagnetic Compatibility}, author={Sreenivasiah, Ippalapalli and Chang, David and Ma, Mark}, year={1981}, month={Aug}, pages={113–121}} 

@article{Kreindl_Bauernfeind_Weiss_Stockreiter_Kaltenbacher_2024, title={Evaluation of an analytical equivalent Hertzian dipole representation in tem cells applying the finite element method}, volume={60}, DOI={10.1109/tmag.2023.3324698}, number={3}, journal={IEEE Transactions on Magnetics}, author={Kreindl, Dominik and Bauernfeind, Thomas and Weiss, Bernhard and Stockreiter, Christian and Kaltenbacher, Manfred}, year={2024}, month={Mar}, pages={1–4}} 

@article{Wilson_Ma_1986, title={Simple approximate expressions for higher order mode cutoff and resonant frequencies in TEM cells}, volume={28}, DOI={10.1109/temc.1986.4307269}, number={3}, journal={IEEE Transactions on Electromagnetic Compatibility}, author={Wilson, Perry F. and Ma, Mark T.}, year={1986}, month={Aug}, pages={125–130}} 

@article{Kreindl_Bauernfeind_Weiss_Stockreiter_Yenumula_Narayanan_Kaltenbacher_2022, title={Fundamental investigation of wave propagation inside IC-striplines upon excitation with Hertzian dipole moments}, volume={11}, DOI={10.3390/electronics11162488}, number={16}, journal={Electronics}, author={Kreindl, Dominik and Bauernfeind, Thomas and Weiss, Bernhard and Stockreiter, Christian and Yenumula, Suresh Kumar and Narayanan, Bhuvnesh and Kaltenbacher, Manfred}, year={2022}, month={Aug}, pages={2488}} 

@ARTICLE{7293591,
  author={Ta, Son Xuat and Park, Ikmo and Ziolkowski, Richard W.},
  journal={IEEE Antennas and Propagation Magazine}, 
  title={Crossed Dipole Antennas: A review}, 
  year={2015},
  volume={57},
  number={5},
  pages={107-122},
  keywords={Dipole antennas;Antenna radiation patterns;Broadcasting;Bandwidth;Wireless communication;Transmitting antennas},
  doi={10.1109/MAP.2015.2470680}}

@INBOOK{10518640,
  author={Daniel, Saju and Thomas, Sabu},
  booktitle={Advanced Materials for Electromagnetic Shielding: Fundamentals, Properties, and Applications}, 
  title={Shielding Efficiency Measuring Methods and Systems}, 
  year={2019},
  volume={},
  number={},
  pages={61-87},
  keywords={Reflection;Absorption;Electromagnetic interference;Impedance;Skin;Permeability;Conductivity},
  doi={10.1002/9781119128625.ch4}}

@ARTICLE{809846,
  author={Groh, C. and Karst, J.P. and Koch, M. and Garbe, H.},
  journal={IEEE Transactions on Electromagnetic Compatibility}, 
  title={TEM waveguides for EMC measurements}, 
  year={1999},
  volume={41},
  number={4},
  pages={440-445},
  keywords={Electromagnetic compatibility},
  doi={10.1109/15.809846}}

@INPROCEEDINGS{10791592,
  author={Koch, M. and Groh, C. and Garbe, H.},
  booktitle={13th International Zurich Symposium and Technical Exhibition on Electromagnetic Compatibility}, 
  title={Exact Determination of Resonant Frequencies in TEM Cells}, 
  year={1999},
  volume={},
  number={},
  pages={653-658},
  keywords={Resonant frequency;TEM cells;Mathematical models;Frequency measurement;Geometry;Feeds;Reflection;Propagation constant;Electric fields;Power transmission lines},
  doi={10.23919/EMC.1999.10791592}}

@article{Tippet_Chang_Crawford_1976, DOI={10.6028/nbs.ir.76-841}, journal={An analytical and experimental determination of the cutoff frequencies of higher-order te modes in a Tem cell}, author={Tippet, John C and Chang, David C and Crawford, Myron L}, year={1976}} 

@article{Weil_Gruner_1984, title={High-order mode cutoff in rectangular striplines (short papers)}, volume={32}, DOI={10.1109/tmtt.1984.1132745}, number={6}, journal={IEEE Transactions on Microwave Theory and Techniques}, author={Weil, C.M. and Gruner, L.}, year={1984}, month={Jun}, pages={638–641}} 

@article{Koepke_1989, DOI={10.6028/nist.tn.1326}, journal={Theory and measurements of radiated emissions using a TEM cell}, author={Koepke, Galen H}, year={1989}} 

@article{Wilson_1981, DOI={10.6028/nbs.tn.1037}, journal={Excitation of a tem cell by a vertical electric Hertzian dipole}, author={Wilson, Perry F}, year={1981}} 

@article{Cendes_Lee_1988, title={The transfinite element method for modeling MMIC devices}, DOI={10.1109/mwsym.1988.22111}, journal={1988., IEEE MTT-S International Microwave Symposium Digest}, author={Cendes, Z.J. and Lee, J.-F.}, year={1988}, pages={623–626}} 

@article{Cendes_1991, title={Vector finite elements for electromagnetic field computation}, volume={27}, DOI={10.1109/20.104970}, number={5}, journal={IEEE Transactions on Magnetics}, author={Cendes, Z.J.}, year={1991}, month={Sep}, pages={3958–3966}} 

@article{Shenton_Cendes_1985, title={Three-dimensional finite element mesh generation using Delaunay tesselation}, volume={21}, DOI={10.1109/tmag.1985.1064165}, number={6}, journal={IEEE Transactions on Magnetics}, author={Shenton, D. and Cendes, Z.}, year={1985}, month={Nov}, pages={2535–2538}} 

@ARTICLE{1127422,
  author={Csendes, Z.J. and Silvester, P.},
  journal={IEEE Transactions on Microwave Theory and Techniques}, 
  title={Numerical Solution of Dielectric Loaded Waveguides: I-Finite-Element Analysis}, 
  year={1970},
  volume={18},
  number={12},
  pages={1124-1131},
  keywords={Dielectrics;Loaded waveguides;Electromagnetic waveguides;Ferrites;Finite element methods;Transmission line matrix methods;Shape;Eigenvalues and eigenfunctions;Polynomials;Phased arrays},
  doi={10.1109/TMTT.1970.1127422}}

@article{Mohsen_1982, title={Some details of the Galerkin Finite Element Method}, volume={6}, DOI={10.1016/0307-904x(82)90005-1}, number={3}, journal={Applied Mathematical Modelling}, author={Mohsen, M.F.N.}, year={1982}, month={Jun}, pages={165–170}} 

@book{huebner2001finite,
  title={The Finite Element Method for Engineers},
  author={Huebner, K.H. and Dewhirst, D.L. and Smith, D.E. and Byrom, T.G.},
  isbn={9780471370789},
  lccn={2001026513},
  series={A Wiley-Interscience publication},
  url={https://books.google.at/books?id=f3MZE1BYq3AC},
  year={2001},
  publisher={Wiley}
}

@book{STRANG_2018, title={Analysis of the finite element method}, publisher={WELLESLEY-CAMBRIDGE Press}, author={STRANG, GILBERT}, year={2018}} 

@ARTICLE{85399,
  author={Lee, J.-F. and Sun, D.-K. and Cendes, Z.J.},
  journal={IEEE Transactions on Microwave Theory and Techniques}, 
  title={Full-wave analysis of dielectric waveguides using tangential vector finite elements}, 
  year={1991},
  volume={39},
  number={8},
  pages={1262-1271},
  keywords={Dielectrics;Electromagnetic waveguides;Propagation constant;Finite element methods;Electromagnetic fields;Equations;Adaptive mesh refinement;Nonuniform electric fields;Microstrip;Transmission lines},
  doi={10.1109/22.85399}}

@ARTICLE{104986,
  author={Lee, J.F. and Sun, D.K. and Cendes, Z.J.},
  journal={IEEE Transactions on Magnetics}, 
  title={Tangential vector finite elements for electromagnetic field computation}, 
  year={1991},
  volume={27},
  number={5},
  pages={4032-4035},
  keywords={Finite element methods;Electromagnetic fields;Boundary conditions;Electromagnetic scattering;Sun;Partial differential equations;Magnetic fields;Magnetic domains},
  doi={10.1109/20.104986}}

@ARTICLE{1063929,
  author={Cendes, Z. and Shenton, D.},
  journal={IEEE Transactions on Magnetics}, 
  title={Adaptive mesh refinement in the finite element computation of magnetic fields}, 
  year={1985},
  volume={21},
  number={5},
  pages={1811-1816},
  keywords={Adaptive mesh refinement;Finite element methods;Magnetic fields;Computer errors;Magnetic analysis;Magnetic flux;Mesh generation;Design engineering;Computer graphics;Magnetic devices},
  doi={10.1109/TMAG.1985.1063929}}

@ARTICLE{990711,
  author={Karst, J.P. and Groh, C. and Garbe, H.},
  journal={IEEE Transactions on Electromagnetic Compatibility}, 
  title={Calculable field generation using TEM cells applied to the calibration of a novel E-field probe}, 
  year={2002},
  volume={44},
  number={1},
  pages={59-71},
  keywords={Test facilities},
  doi={10.1109/15.990711}}

@ARTICLE{4091747,
  author={Wilson, Perry F. and Chang, David C. and Ma, Mark T.},
  journal={IEEE Transactions on Electromagnetic Compatibility}, 
  title={Input Impedance of a Probe Antenna in a TEM Cell}, 
  year={1984},
  volume={EMC-26},
  number={4},
  pages={154-161},
  keywords={Probes;Impedance;TEM cells;Perturbation methods;Rectangular waveguides;Green's function methods;Apertures;Antennas;Electromagnetic waveguides;Resistance;Probe antenna;input impedance;TEM cell},
  doi={10.1109/TEMC.1984.304216}}

@article{MORARI_BĂLAN_2015, journal={Methods for determining shielding effectiveness of materials}, author={MORARI, Cristian and BĂLAN, Cristian}, year={2015}} 